@article{article:test-generation-web,
    Author = {Pan, Liu and Huaikou, Miao and Hongwei, Zeng and Lizhi, Cai},
    ISSN = {20054246},
    Journal = {International Journal of U- \& E-Service, Science \& Technology},
    Number = {1},
    Pages = {61 - 75},
    Title = {An Approach to Test Generation for Web Applications.},
    Volume = {6},
    Year = {2013},
}
